@article{mnist,
title = "THE MNIST DATABASE of handwritten digits",
journal = "",
volume = "",
number = "",
pages = "",
year = "1998",
note = "",
issn = "",
doi = "",
url = "http://yann.lecun.com/exdb/mnist/",
author = "Yann LeCun, Corinna Corte and Christopher J.C. Burges",
}

@article{pgmPy,
title = "pgmpy: Probabilistic Graphical Models using Python",
journal = "",
volume = "",
number = "",
pages = "",
year = "2015",
note = "PROC. OF THE 14th PYTHON IN SCIENCE CONF.",
issn = "",
doi = "",
url = "https://conference.scipy.org/proceedings/scipy2015/pdfs/ankur_ankan.pdf",
author = "Ankur Ankan and Abinash Panda",
}

@article{radon,
title = "The Inverse Radon Transform",
journal = "",
volume = "",
number = "",
pages = "",
year = "2017",
note = "Image Processing Toolbox",
issn = "",
doi = "",
url = "https://edoras.sdsu.edu/doc/matlab/toolbox/images/transf11.html",
author = "Edoras",
}

@article{karpathy2017,
title = "CS231n Convolutional Neural Networks for Visual Recognition",
journal = "",
volume = "",
number = "",
pages = "",
year = "2017",
note = "",
issn = "",
doi = "",
url = "http://cs231n.github.io/convolutional-networks/",
author = "Karpathy",
}

@article{tensor2017,
title = "MNIST For ML Beginners",
journal = "",
volume = "",
number = "",
pages = "",
year = "2017",
note = "",
issn = "",
doi = "",
url = "https://www.tensorflow.org/get_started/mnist/beginners",
author = "Tensorflow",
}

@article{stdTemplate,
title = "OMR Sheet",
journal = "",
volume = "",
number = "",
pages = "",
year = "2017",
note = "",
issn = "",
doi = "",
url = "https://www.indiamart.com/proddetail/omr-sheet-13983178097.html",
author = "VijayaForm",
}

@BOOK{MichealN2015,
  AUTHOR =       {Michael A. {Nielsen}},
  TITLE =        {Neural Networks and Deep Learning},
  PUBLISHER =    {Determination Press},
  YEAR =         {2015},
  volume =       {1},
}

@article{AdrianR2016,
title = "Bubble sheet multiple choice scanner and test grader using OMR, Python and OpenCV",
journal = "",
volume = "",
number = "",
pages = "",
year = "2016",
note = "",
issn = "",
doi = "",
url = "https://www.pyimagesearch.com/2016/10/03/bubble-sheet-multiple-choice-scanner-and-test-grader-using-omr-python-and-opencv/",
author = "Adrian Rosebrock",
keywords = "Bubble sheet",
keywords = "Multiple choice",
keywords = "OMR",
keywords = "Python",
keywords = "OpenCV",
}

@article{MathWorks,
title = "Detect Lines Using the Radon Transform",
journal = "",
volume = "",
number = "",
pages = "",
year = "2017",
note = "",
issn = "",
doi = "",
url = "https://www.mathworks.com/help/images/detect-lines-using-the-radon-transform.html",
author = "MathWorks",}

@article{MVGI2015,
title = "Various Techniques for Assessment of OMR Sheets through Ordinary 2D Scanner: A Survey",
journal = "International Journal of Engineering Research \& Technology (IJERT)",
volume = "4",
number = "",
pages = "",
year = "2003",
note = "",
issn = "2278-0181",
doi = "",
url = "file:///C:/Users/User/Downloads/V4I9-IJERTV4IS090675.pdf",
author = "Nirali V Patel and Ghanshyam I Prajapati",}

@article{DraganI2003,
title = "Projections Based OMR Algorithm",
journal = "",
volume = "",
number = "",
pages = "",
year = "2003",
note = "",
issn = "",
doi = "",
url = "http://www.ines-conf.org/ines-conf/43_INES2004.pdf",
author = "Dragan Ivetic and Dinu Dragan",
}

@article{Tensor,
title = "Deep MNIST for Experts",
journal = "",
volume = "",
number = "",
pages = "",
year = "2017",
note = "",
issn = "",
doi = "",
url = "https://www.tensorflow.org/get_started/mnist/pros",
author = "Google",
}

